<?xml version="1.0" encoding="UTF-8"?><collection xmlns="http://www.loc.gov/MARC21/slim"><record><leader>00430nam--2200133-i-4500</leader><controlfield tag="001">000016557</controlfield><controlfield tag="002">20161230</controlfield><controlfield tag="005">20161230201031</controlfield><controlfield tag="008">060222s1000------------r-----000-0-eng-d</controlfield><datafield ind1=" " ind2=" " tag="080"><subfield code="a">530.145(061.3)</subfield></datafield><datafield ind1=" " ind2=" " tag="245"><subfield code="a">String theory, gauge theory and quantum gravit y`93. proc.of the trieste spring school &amp; workshop i ctp, trieste, italy, april 19-29, 1993</subfield></datafield><datafield ind1=" " ind2=" " tag="260"><subfield code="a">Singapore, 1994. 339 P</subfield></datafield><datafield ind1=" " ind2=" " tag="700"><subfield code="a">R.Djikgraaf /S.A.</subfield></datafield><datafield ind1=" " ind2=" " tag="852"><subfield code="a">80602</subfield></datafield></record></collection>